<record xmlns="http://www.loc.gov/MARC21/slim" xmlns:xsi="http://www.w3.org/2001/XMLSchema-instance" xsi:schemaLocation="http://www.loc.gov/MARC21/slim http://www.loc.gov/standards/marcxml/schema/MARC21slim.xsd">

  <leader>00559nam a2200145Ia 4500</leader>
  <datafield ind2=" " tag="999" ind1=" ">
    <subfield code="c">1214</subfield>
    <subfield code="d">1214</subfield>
  </datafield>
  <controlfield tag="008">170511b1990    cl ||||| |||| 00| | spa d</controlfield>
  <datafield ind1=" " ind2=" " tag="090">
    <subfield code="a">01.01.04 </subfield>
    <subfield code="b">1918</subfield>
  </datafield>
  <datafield ind1="1" tag="100" ind2=" ">
    <subfield code="a">Ahumada A., Pedro</subfield>
    <subfield code="9">2730</subfield>
  </datafield>
  <datafield ind1="1" tag="245" ind2="0">
    <subfield code="a">Modelos de evaluación y evaluación de programas / </subfield>
    <subfield code="c">Pedro Ahumada A. ...[et al.]</subfield>
  </datafield>
  <datafield ind2=" " tag="260" ind1=" ">
    <subfield code="a">Santiago, Chile : </subfield>
    <subfield code="b">Centro de Investigación y Desarrollo de la Educación Universidad Católica de Valparaíso, </subfield>
    <subfield code="c">1990</subfield>
  </datafield>
  <datafield tag="300" ind2=" " ind1=" ">
    <subfield code="a">79 páginas</subfield>
  </datafield>
  <datafield ind2="4" tag="650" ind1="1">
    <subfield code="a">EVALUACIÓN DE PROGRAMAS</subfield>
    <subfield code="9">969</subfield>
  </datafield>
  <datafield ind1="1" ind2="4" tag="650">
    <subfield code="a">EVALUACIÓN DE LA EDUCACIÓN</subfield>
    <subfield code="9">308</subfield>
  </datafield>
  <datafield ind1=" " tag="942" ind2=" ">
    <subfield code="2">z</subfield>
    <subfield code="c">01</subfield>
  </datafield>
</record>